<record><leader>00000cas a22000007a 4500</leader><controlfield tag="001">20615238</controlfield><controlfield tag="008">891108d19651977mouwr ne      0    0eng d</controlfield><datafield ind1=" " ind2=" " tag="010"><subfield code="a">sn 89067395 </subfield></datafield><datafield ind1=" " ind2=" " tag="040"><subfield code="a">MQN</subfield><subfield code="b">eng</subfield><subfield code="c">MQN</subfield><subfield code="d">OCLCQ</subfield></datafield><datafield ind1=" " ind2=" " tag="042"><subfield code="a">msc</subfield></datafield><datafield ind1="0" ind2="4" tag="245"><subfield code="a">The Suburban views.</subfield></datafield><datafield ind1=" " ind2=" " tag="260"><subfield code="a">Ferrelview Station, Kansas City, Mo. :</subfield><subfield code="b">Surburban Communications,</subfield><subfield code="c">-1977.</subfield></datafield><datafield ind1=" " ind2=" " tag="300"><subfield code="a">v.</subfield></datafield><datafield ind1=" " ind2=" " tag="310"><subfield code="a">Weekly</subfield></datafield><datafield ind1="1" ind2=" " tag="362"><subfield code="a">Began in 1965?</subfield></datafield><datafield ind1="0" ind2=" " tag="362"><subfield code="a">-v. 12, no. 32 (Aug. 25, 1977).</subfield></datafield><datafield ind1=" " ind2=" " tag="588"><subfield code="a">Description based on: Vol. 8, no. 32 (Oct. 18, 1973).</subfield></datafield><datafield ind1=" " ind2=" " tag="752"><subfield code="a">United States</subfield><subfield code="b">Missouri</subfield><subfield code="c">Platte</subfield><subfield code="d">Ferrelview.</subfield></datafield><datafield ind1="0" ind2="0" tag="785"><subfield code="t">Discover north</subfield><subfield code="w">(DLC)sn 79007365</subfield></datafield></record>